% Encoding: UTF-8

@Book{labor-skript,
  title     = {Skript: Versuch Flugmechanik zum Kompetenzfeldlabor der Luft- und Raumffahrttechnik},
  publisher = {Technische Universität Braunschweig},
  year      = {SS2019},
  author    = {Institut für Flugführung},
}

@Comment{jabref-meta: databaseType:bibtex;}
